@incollection{KuhnJosephundweitere2012,
date = {2012},
title = {Gesundheitsberichterstattung und ihre Indikatorensysteme},
author = {given={Joseph}, family={Kuhn} and given={Thomas}, family={Ziese}},
editor = {given={Friedrich-Wilhelm}, family={Schwartz} and given={Ulla}, family={Walter} and given={Johannes}, family={Siegerist} and given={et al.}},
booktitle = {Public Health}
}

@article{EckertOlafundweitere2018,
date = {2018},
pages = {1-10},
title = {Todesursachenstatistik und ICD, quo vadis?},
author = {given={Olaf}, family={Eckert} and given={Ulrich}, family={Vogel}},
volume = {9},
version = {61},
journaltitle = {Bundesgesundheitsblatt - Gesundheitsforschung - Gesundheitsschutz}
}

@article{AckoffRL1989,
entrysubtype = {magazine},
date = {1989},
pages = {3-9},
title = {Journal of Applied Systems Analysis},
author = {given={RL}, family={Ackoff}},
volume = {16},
journaltitle = {From Data to Wisdom}
}

@article{RosenkötterNicoleundweitere2020,
date = {2020},
author = {given={Nicole}, family={Rosenkötter} and given={Brigitte}, family={Borrmann} and given={Laura}, family={Arnold} and given={Andreas}, family={Böhm}},
journaltitle = {Gesundheitsberichterstattung in Ländern und Kommunen: Public Health an der Basis}
}

@report{LalondeMarc1974,
date = {1974},
type = {report},
title = {A new perspective on the health of the Canadians: A working document},
author = {given={Marc}, family={Lalonde}},
location = {Ottawa},
institution = {Government of Canada}
}

@book{VerschuurenMariekeundweitere2019,
date = {2019},
title = {Population Health Monitoring: Climbing the Information Pyramid. },
author = {given={Marieke}, family={Verschuuren} and given={Hans}, family={Van Oers}}
}

@book{LandeszentrumGesundheitNordrhein-Westfalen(LZG.NRW)2019,
date = {2019},
title = {Leitfaden Gesunde Stadt. Hinweise für Stellungnahmen zur Stadtentwicklung aus dem Öffentlichen Gesundheitsdienst},
author = {{Landeszentrum Gesundheit Nordrhein-Westfalen (LZG.NRW)}},
edition = {2. Auflage},
location = {Bochum}
}

@article{ClaßenThomas2020,
entrysubtype = {magazine},
date = {2020},
issue = {01/2020},
pages = {4--17},
title = {Gesundheitsförderliche Stadtentwicklung – zwischen Renaissance und Neuerfindung},
author = {given={Thomas}, family={Claßen}},
issuetitle = {Gesundheit und Krankheit aus räumlicher Perspektive},
journaltitle = {Informationen zur Raumentwicklung (IzR)}
}

@article{BartonHughundweitere2006,
entrysubtype = {magazine},
date = {2006},
issue = {126 (6)},
pages = {252--253},
title = {A health map for the local human habitat},
author = {given={Hugh}, family={Barton} and given={Marcus}, family={Grant}},
journaltitle = {Journal of the Royal Society for the Promotion of Health}
}

@article{Brandundweitere2007,
date = {2007},
title = {Politikberatung durch Gesundheitsberichterstattung?},
author = {family={Brand}, prefix={H}, useprefix=true and family={Michelsen}, prefix={K}, useprefix=true},
journaltitle = {Gesundheitswesen 69(10), 527-33}
}

@inbook{Rushmerundweitere2019,
date = {2019},
title = {Knowledge Translation: Key Concepts, Terms {and} Activities},
author = {family={Rushmer}, prefix={R}, useprefix=true and family={Ward}, prefix={V}, useprefix=true and family={Nguyen}, prefix={T}, useprefix=true and family={Kuchenmüller}, prefix={T}, useprefix=true},
booktitle = {Population Health Monitoring}
}

@article{Kurth2006,
date = {2006},
title = {Epidemiologie und Gesundheitspolitik},
author = {family={Kurth}, prefix={B-M}, useprefix=true},
journaltitle = {Bundesgesundheitsblatt - Gesundheitsforschung - Gesundheitsschutz 49, 637-47}
}

@article{SzagunBundweitere2016,
date = {2016},
title = {Kommunale Gesundheitsförderungspolitik und das Präventionsgesetz: Umsetzung und Perspektiven aus Sicht des öffentlichen Gesundheitsdienstes},
author = {given={B}, family={Szagun} and given={J}, family={Kuhn} and given={D}, family={Starke}},
journaltitle = {Präv Gesundheitsf (Prävention und Gesundheitsförderung), 11 (4), 265-270}
}

@article{LampertThomasundweitere2010,
date = {2010},
title = { "Gesundheitsberichterstattung des Bundes: Ziele, Aufgaben und Nutzungsmöglichkeiten." },
author = {given={Thomas}, family={Lampert} and given={Kerstin}, family={Horch} and given={Sabine}, family={List}},
journaltitle = { GBE kompakt 1(1)}
}

@article{ThomasZiese2000,
date = {2000},
title = {Beginn der Routinephase - Gesundheitsberichterstattung des Bundes.  43(8):600-604},
author = {given={Thomas}, family={Ziese}},
journaltitle = {Bundesgesundheitsblatt}
}

@report{AlbrichC2017,
date = {2017},
title = {Handlungsempfehlung für den Aufbau einer Gesundheitsplanung im Öffentlichen Gesundheitsdienst: Ergebnisse eines Pilotvorhabens in Baden-Württemberg},
author = {given={C}, family={Albrich} and given={B}, family={Brandeis} and given={J}, family={Erb} and given={V}, family={Hellmann} and given={L}, family={Wallus} and given={M}, family={Firsching} and given={A}, family={Manns} and given={M}, family={Grillenberg} and given={E}, family={Hipp} and given={T}, family={Sammet} and given={B}, family={Szagun}},
institution = {Landesgesundheitsamt Baden-Württemberg; Ministerium für Soziales und Integration Baden-Württemberg}
}

@book{VerschuurenMarikeundweitere2012,
date = {2012},
title = {ECHI Indicator development {and} documentation-joint action for ECHIM final report part II." Bilthoven: National Institute for Public Health {and} the Environment (RIVM).},
author = {given={Marike}, family={Verschuuren} and given={Peter}, family={Achterberg}}
}

@book{HamburgerProjektgruppeGesundheitsberichterstattung1998,
date = {1998},
title = {Praxishandbuch Gesundheitsberichterstattung. Ein Leitfaden für GesundheitsberichterstatterInnen und solche, die es werden wollen},
author = {{Hamburger Projektgruppe Gesundheitsberichterstattung}}
}

@online{RobertKoch-Institut2020,
date = {2020},
title = {Robert Koch-Institut improving Health Monitoring in Migrant Populations - IMIRA-Projekt. (Zugriff: 04.03.)https://www.rki.de/DE/Content/Gesundheitsmonitoring/Themen/Migration/IMIRA/IMIRA{\_}node.html},
editor = {{Robert Koch-Institut}}
}

@book{FewStephen2012,
date = {2012},
title = {Show me the numbers. Designing tables {and} graphs to enlighten},
author = {given={Stephen}, family={Few}},
edition = {2nd edition},
location = {Burlingame},
publisher = {Analytics Press }
}

@book{InstituteofMedicine(U.S.)1988,
date = {1988},
title = {The Future of Public Health},
author = {{Institute of Medicine (U.S.)}}
}

@book{NussbaumerKnaflicCole2015,
date = {2015},
title = {Storytelling with data. A data visualization guide for business professionals.},
author = {given={Cole}, family={Nussbaumer Knaflic}},
publisher = {Wiley}
}

@online{RobertKoch-Institut2020,
date = {2020},
title = {Robert Koch-Institut () Studie zur Gesundheit älterer Menschen in Deutschland - Gesundheit 65+. www.rki.de/gesundheit65+},
editor = {{Robert Koch-Institut}}
}

@inbook{VanBon-MartensMJundweitere2019,
date = {2019},
pages = {107--125},
title = {Population Health Reporting},
author = {given={MJ}, family={Van Bon-Martens} and given={HA}, family={Van Oers} and given={M}, family={Verschuuren} and given={L}, family={Zwakhals}},
editor = {given={M}, family={Verschuuren}},
editora = {given={HA}, family={Van Oers}},
location = {Cham},
booktitle = {Population Health Monitopring: Climbing the Health Information Pyramid},
maintitle = {Population Health Monitoring: Climbing the Health Information Pyramid},
publisher = {Springer}
}

@inbook{SaßAnkeundweitere2018,
date = {2018},
title = { Gesundheitsberichterstattung. In: Thielscher C (Hrsg.) (Hrsg) Handbuch Medizinökonomie I. Springer Reference Wirtschaft. Springer Gabler, Wiesbaden, S. 1 – 25. },
author = {given={Anke}, family={Saß} and given={et}, family={al}},
booktitle = {Thielscher C (Hrsg.) (Hrsg) Handbuch Medizinökonomie I. Springer Reference Wirtschaft. Springer Gabler, Wiesbaden, S. 1 – 25. https://doi.org/10.1007/1978-1003-1658-17975-17975{\_}17975-17971}
}

@article{EckertOlafundweitere2018,
date = {2018},
pages = {1-10},
title = {Todesursachenstatistik und ICD, quo vadis?},
author = {given={Olaf}, family={Eckert} and given={Ulrich}, family={Vogel}},
volume = {61(9)},
journaltitle = {Bundesgesundheitsblatt - Gesundheitsforschung - Gesundheitsschutz}
}

@book{CairoAlberto2016,
date = {2016},
title = {The truthful art. Data, charts, {and} maps for communication},
author = {given={Alberto}, family={Cairo}},
publisher = {New Riders}
}

@article{VanBon-MartensMarjaundweitere2012,
date = {2012},
issue = {22},
pages = {337--342},
title = {Towards quality criteria for regional public health reporting: concept mapping with dutch experts},
author = {given={Marja}, family={Van Bon-Martens} and given={PW}, family={Achterberg} and given={IA}, family={Van den Goor} and given={HA}, family={Van Oers}},
journaltitle = {European Journal of Public Health}
}

@book{BlessingVictoriaundweitere2017,
date = {2017},
title = {Evidence on mechanisms {and} tools for the use of health information for decision-making.},
author = {given={Victoria}, family={Blessing} and given={Anoushka}, family={Davé} and given={Peter}, family={Varnai}},
editor = {{World Health Organization}},
edition = {Health Evidence Network sythesis report 54}
}

@article{RosenkötterNundweitere2020,
date = {2020},
title = {Gesundheitsberichterstattung in Ländern und Kommunen: Public Health an der Basis},
author = {given={N}, family={Rosenkötter} and given={B}, family={Borrmann} and given={L}, family={Arnold} and given={A}, family={Böhm}},
journaltitle = {Bundesgesundheitsblatt - Gesundheitsforschung - Gesundheitsschutz}
}

@article{KurthBärbel-Mariaundweitere2009,
date = {2009},
title = {Kurth B-M, Lange C, Kamtsiuris P et al.  Gesundheitsmonitoring am Robert Koch-Institut. Bundesgesundheitsbl Gesundheitsforsch Gesundheitsschutz 52(5):557-570},
author = {given={Bärbel-Maria}, family={Kurth} and given={Panagiotis}, family={Kamtsiuris} and given={et al}},
journaltitle = {Bundesgesundheitsblatt  52(5):557-570}
}

@article{RosenkötterNicoleundweitere2020,
date = {2020},
title = {Gesundheitsberichterstattung in Ländern und Kommunen: Public Health an der Basis},
author = {given={Nicole}, family={Rosenkötter} and given={Brigitte}, family={Borrmann} and given={Laura}, family={Arnold} and given={Andreas}, family={Böhm}},
journaltitle = {Bundesgesundheitsblatt - Gesundheitsforschung - Gesundheitsschutz}
}

@incollection{RodensteinMarianne2012,
date = {2012},
pages = {15--26},
title = {Stadtplanung und Gesundheit - ein Rückblick auf Theorie und Praxis},
author = {given={Marianne}, family={Rodenstein}},
editor = {given={Christa}, family={Böhme} and given={Christa}, family={Kliemke} and given={Bettina}, family={Reimann} and given={Waldemar}, family={Süß}},
location = {Bern},
booktitle = {Stadtplanung und Gesundheit}
}

@report{esÖffentlichenGesundheitsdienstes(ÖGD)inNordrhein-Westfalen(NRW),
date = {2019},
title = {Selbstverständnis und Aufgabenverständnis},
author = {{AG Gesundheitsorientierte Planung des Öffentlichen Gesundheitsdienstes (ÖGD) in Nordrhein-Westfalen (NRW)}},
location = {Bochum}
}

@book{LandeszentrumGesundheitNordrhein-Westfalen(LZG.NRW)2019,
date = {2019},
title = {Leitfaden Gesunde Stadt. Hinweise für Stellungnahmen zur Stadtentwicklung aus dem Öffentlichen Gesundheitsdienst. 2. Aufl., Bochum.},
author = {{Landeszentrum Gesundheit Nordrhein-Westfalen (LZG.NRW)}},
edition = {2. Auflage},
location = {Bochum}
}

@article{WollenbergBundweitere2019,
date = {2019},
title = {Gesundheit – Kernkompetenz der Kommunen: 3 Jahre Initiative „Gesundheit fördern – Versorgung stärken“},
author = {given={B}, family={Wollenberg} and given={R}, family={Reul}},
journaltitle = {Gesundheitswesen 81 (3), 235}
}

@article{LutheE.-W.2010,
date = {2010},
title = {Kommunale Gesundheitslandschaften - Teil 2},
author = {given={E.-W.}, family={Luthe}},
journaltitle = {Nachrichtendienst des Deutschen Vereins für öffentliche und private Fürsorge, August 2010, 342-7}
}

@incollection{BaumgartSabineundweitere2018,
date = {2018},
pages = {5--19},
title = {Gesundheitsförderung – ein aktuelles Thema für Raumplanung und Gesundheitswesen. Einführung},
author = {given={Sabine}, family={Baumgart} and given={Heike}, family={Köckler} and given={Anne}, family={Ritzinger} and given={Andrea}, family={Rüdiger}},
editor = {given={Sabine}, family={Baumgart} and given={Heike}, family={Köckler} and given={Anne}, family={Ritzinger} and given={Andrea}, family={Rüdiger}},
number = {08},
series = {Forschungsberichte der ARL},
location = {Hannover},
booktitle = {ARL-Forschungsbericht „Planung für gesundheitsfördernde Städte“}
}

@article{Szagunundweitere2002,
entrysubtype = {magazine},
date = {2002},
title = {Der ÖGD als Koordinator in der gesundheitlichen Versorgung},
author = {family={Szagun}, prefix={B}, useprefix=true and family={Kiß}, prefix={B}, useprefix=true},
journaltitle = {Blickpunkt öffentliche Gesundheit 4, 1-2}
}

@article{ClaßenThomas2020,
entrysubtype = {magazine},
date = {2020},
issue = {01/2020},
pages = {4--17},
title = {Gesundheitsförderliche Stadtentwicklung – zwischen Renaissance und Neuerfindung},
author = {given={Thomas}, family={Claßen}},
issuetitle = {Gesundheit und Krankheit aus räumlicher Perspektive},
journaltitle = {Informationen zur Raumentwicklung (IzR)}
}

@article{Szagunundweitere2016,
date = {2016},
title = {Kommunale Gesundheitsförderungspolitik und das Präventionsgesetz: Umsetzung und Perspektiven aus Sicht des öffentlichen Gesundheitsdienstes},
author = {family={Szagun}, prefix={B}, useprefix=true and family={Kuhn}, prefix={J}, useprefix=true and family={Starke}, prefix={D}, useprefix=true},
journaltitle = {Prävention und Gesundheitsförderung 11(4), 265-70}
}

@report{RollerG.undweitere2010,
date = {2010},
title = {Bericht der Projektgruppe Kommunale Gesundheitskonferenzen},
author = {given={G.}, family={Roller} and given={M.}, family={Firsching}},
institution = {Ministerium für Arbeit und Soziales Baden-Württemberg, AG Standortfaktor Gesundheit des Gesundheitsforums Baden-Württemberg}
}

@report{Albrichundweitere2017,
date = {2017},
title = {Handlungsempfehlung für den Aufbau einer Gesundheitsplanung im Öffentlichen Gesundheitsdienst. Ergebnisse eines Pilotvorhabens in Baden-Württemberg},
author = {family={Albrich}, prefix={C}, useprefix=true and family={et al}},
institution = {Landesgesundheitsamt Baden-Württemberg; Ministerium für Soziales und Integration Baden-Württemberg}
}

@article{Hollederer2016,
date = {2016},
title = {Regionale Gesundheitskonferenzen und Gesundheitsregionenplus in Deutschland: Struktur-, Prozess- und Ergebnisqualitäten},
author = {family={Hollederer}, prefix={A}, useprefix=false},
journaltitle = {Public Health Forum 24(1), 22-5}
}

@article{Starkeundweitere2018,
date = {2018},
title = {Methodische Herausforderungen der Präventionsberichterstattung: Präventionsberichterstattung ist nicht gleich Präventionsberichterstattung!},
author = {family={Starke}, prefix={D}, useprefix=true and family={Arnold}, prefix={L}, useprefix=true and family={Fertmann}, prefix={R}, useprefix=true and family={Moebus}, prefix={S}, useprefix=true and family={Terschüren}, prefix={C}, useprefix=true and family={Szagun}, prefix={B}, useprefix=false},
journaltitle = {Gesundheitswesen 8-9, 732-40}
}

@article{Hollederer2014,
date = {2014},
title = {Gesundheitskonferenzen in Deutschland: ein Überblick},
author = {family={Hollederer}, prefix={A}, useprefix=true},
journaltitle = {Gesundheitswesen 77, 161-7}
}

@book{BöhmeChristaundweitere2018,
date = {2018},
title = {Integrierte Strategien kommunaler Gesundheitsförderung},
author = {given={Christa}, "family={Böhme, }" and given={Bettina}, family={Reimann}},
location = {Berlin}
}

@online{BMBF,
url = {https://www.forschung-bundesgesundheitsministerium.de/foerderung/bekanntmachungen/oegd-ph},
editor = {{BMBF}}
}

@online{BVÖGD2018,
url = {https://www.bvoegd.de/leitbild/},
date = {2018},
title = { "Leitbild für einen modernen Öffentlichen Gesundheitsdienst (ÖGD) – „Der ÖGD: Public Health vor Ort“." },
editor = {{BVÖGD}}
}